<record xmlns="http://www.loc.gov/MARC21/slim" xmlns:xsi="http://www.w3.org/2001/XMLSchema-instance" xsi:schemaLocation="http://www.loc.gov/MARC21/slim http://www.loc.gov/standards/marcxml/schema/MARC21slim.xsd"><leader>     nam a22        4500</leader><controlfield tag="001">3068078</controlfield><controlfield tag="003">NNC</controlfield><controlfield tag="006">m        d        </controlfield><controlfield tag="007">cr cn |||m|||a</controlfield><controlfield tag="008">150601s1908    ua      o     000 0 ara d</controlfield><datafield ind1=" " ind2=" " tag="040"><subfield code="a">NNU</subfield><subfield code="b">eng</subfield><subfield code="e">rda</subfield><subfield code="c">NNU</subfield></datafield><datafield ind1=" " ind2=" " tag="043"><subfield code="a">ma-----</subfield></datafield><datafield ind1=" " ind2="4" tag="050"><subfield code="a">PJ6063</subfield><subfield code="b">.S8</subfield></datafield><datafield ind1="0" ind2=" " tag="100"><subfield code="6">880-01</subfield><subfield code="a">Suyu&#772;t&#803;i&#772;,</subfield><subfield code="d">1445-1505.</subfield></datafield><datafield ind1="1" ind2="0" tag="245"><subfield code="6">880-02</subfield><subfield code="a">Bughyat al-wu&#699;a&#772;h fi&#772; t&#803;abaqa&#772;t al-lughawi&#772;yi&#772;n wa-al-nuh&#803;a&#772;h /</subfield><subfield code="c">ta&#700;li&#772;f Jala&#772;l al-Di&#772;n &#699;Abd al-Rah&#803;ma&#772;n al-Suyu&#772;t&#803;i&#772; al-Sha&#772;fi&#699;i&#772;.</subfield></datafield><datafield ind1=" " ind2=" " tag="250"><subfield code="6">880-03</subfield><subfield code="a">al-T&#803;ab&#699;ah 1.</subfield></datafield><datafield ind1=" " ind2=" " tag="260"><subfield code="6">880-04</subfield><subfield code="a">[Cairo] :</subfield><subfield code="b">Mat&#803;ba&#699;at al-Sa&#699;a&#772;dah,</subfield><subfield code="c">[1908]</subfield></datafield><datafield ind1=" " ind2=" " tag="300"><subfield code="a">online resource (461 pages)</subfield></datafield><datafield ind1=" " ind2=" " tag="336"><subfield code="a">text</subfield><subfield code="2">rdacontent</subfield></datafield><datafield ind1=" " ind2=" " tag="337"><subfield code="a">computer</subfield><subfield code="2">rdamedia</subfield></datafield><datafield ind1=" " ind2=" " tag="338"><subfield code="a">online resource</subfield><subfield code="2">rdacarrier</subfield></datafield><datafield ind1=" " ind2=" " tag="500"><subfield code="a">Part of the Arabic Collections Online (ACO) project, contributed by Columbia University Libraries.</subfield></datafield><datafield ind1=" " ind2=" " tag="533"><subfield code="a">Electronic reproduction.</subfield><subfield code="b">New York, N.Y. :</subfield><subfield code="c">New York University,</subfield><subfield code="d">2015.</subfield><subfield code="5">NNU</subfield></datafield><datafield ind1=" " ind2="0" tag="650"><subfield code="a">Arabic philology.</subfield></datafield><datafield ind1=" " ind2="0" tag="650"><subfield code="a">Linguists</subfield><subfield code="z">Arab countries.</subfield></datafield><datafield ind1=" " ind2="7" tag="650"><subfield code="a">Arabic philology.</subfield><subfield code="2">fast</subfield><subfield code="0">(OCoLC)fst00812526</subfield></datafield><datafield ind1=" " ind2="7" tag="650"><subfield code="a">Linguists.</subfield><subfield code="2">fast</subfield><subfield code="0">(OCoLC)fst00999243</subfield></datafield><datafield ind1=" " ind2="7" tag="651"><subfield code="a">Arab countries.</subfield><subfield code="2">fast</subfield><subfield code="0">(OCoLC)fst01240128</subfield></datafield><datafield ind1="2" ind2=" " tag="710"><subfield code="a">Columbia University.</subfield><subfield code="b">Libraries.</subfield></datafield><datafield ind1="0" ind2=" " tag="730"><subfield code="a">Arabic Collections Online.</subfield></datafield><datafield ind1="0" ind2="8" tag="776"><subfield code="i">Online version:</subfield><subfield code="a">Suyu&#772;t&#803;i&#772;, 1445-1505.</subfield><subfield code="t">Bughyat al-wu&#699;a&#772;h fi&#772; t&#803;abaqa&#772;t al-lughawi&#772;yi&#772;n wa-al-nuh&#803;a&#772;h.</subfield><subfield code="b">al-T&#803;ab&#699;ah 1.</subfield><subfield code="d">[Cairo] : Mat&#803;ba&#699;at al-Sa&#699;a&#772;dah, [1908]</subfield><subfield code="w">(OCoLC)586710127</subfield></datafield><datafield ind1="0" ind2="8" tag="776"><subfield code="i">Print version:</subfield><subfield code="a">Suyu&#772;t&#803;i&#772;, 1445-1505.</subfield><subfield code="t">Bughyat al-wu&#699;a&#772;h fi&#772; t&#803;abaqa&#772;t al-lughawi&#772;yi&#772;n wa-al-nuh&#803;a&#772;h</subfield><subfield code="w">(NNC)3068078</subfield><subfield code="w">(OCoLC)36599461</subfield></datafield><datafield ind1="4" ind2="0" tag="856"><subfield code="u">http://hdl.handle.net/2333.1/qbzkh3r5</subfield></datafield><datafield ind1="0" ind2=" " tag="880"><subfield code="6">100-01/r</subfield><subfield code="a">&#1587;&#1610;&#1608;&#1591;&#1610;&#1548;</subfield><subfield code="d">1445-1505.</subfield></datafield><datafield ind1="1" ind2="0" tag="880"><subfield code="6">245-02/r</subfield><subfield code="a">&#1576;&#1594;&#1610;&#1577; &#1575;&#1604;&#1608;&#1593;&#1575;&#1607; &#1601;&#1610; &#1591;&#1576;&#1602;&#1575;&#1578; &#1575;&#1604;&#1604;&#1594;&#1608;&#1610;&#1610;&#1606; &#1608;&#1575;&#1604;&#1606;&#1581;&#1575;&#1607; /</subfield><subfield code="c">&#1578;&#1571;&#1604;&#1610;&#1601; &#1580;&#1604;&#1575;&#1604; &#1575;&#1604;&#1583;&#1610;&#1606; &#1593;&#1576;&#1583; &#1575;&#1604;&#1585;&#1581;&#1605;&#1606; &#1575;&#1604;&#1587;&#1610;&#1608;&#1591;&#1610; &#1575;&#1604;&#1588;&#1575;&#1601;&#1593;&#1610;.</subfield></datafield><datafield ind1=" " ind2=" " tag="880"><subfield code="6">250-03/r</subfield><subfield code="a">&#1575;&#1604;&#1591;&#1576;&#1593;&#1577; 1.</subfield></datafield><datafield ind1=" " ind2=" " tag="880"><subfield code="6">260-04/r</subfield><subfield code="a">[&#1575;&#1604;&#1602;&#1575;&#1607;&#1585;&#1577;] :</subfield><subfield code="b">&#1605;&#1591;&#1576;&#1593;&#1577; &#1575;&#1604;&#1587;&#1593;&#1575;&#1583;&#1577;&#1548;</subfield><subfield code="c">[1908]</subfield></datafield><datafield ind1=" " ind2=" " tag="959"><subfield code="a">NNU</subfield><subfield code="b">WEB</subfield><subfield code="c">GENI</subfield><subfield code="t">0</subfield><subfield code="m">Electronic access</subfield><subfield code="s">01</subfield></datafield><datafield ind1=" " ind2=" " tag="999"><subfield code="i">NNC_3068078</subfield><subfield code="o">(OCoLC)ocm36599461</subfield><subfield code="s">columbia_aco000538</subfield><subfield code="e">(ERROR-880)</subfield><subfield code="s">columbia_aco000538</subfield></datafield></record>